

@article{LeM14,
  author    = {Quoc V. Le and
               Tomas Mikolov},
  title     = {Distributed Representations of Sentences and Documents},
  journal   = {CoRR},
  year      = {2014},
  volume    = {abs/1405.4053},
  url       = {http://arxiv.org/abs/1405.4053},
  timestamp = {Mon, 15 Sep 2014 12:07:51 +0200},
  biburl    = {http://dblp.uni-trier.de/rec/bib/journals/corr/LeM14},
  bibsource = {dblp computer science bibliography, http://dblp.org}
}

@ARTICLE{Brown92class-basedn-gram,
    author = {Peter F. Brown and Peter V. deSouza and Robert L. Mercer and Vincent J. Della Pietra and Jenifer C. Lai},
    title = {Class-Based n-gram Models of Natural Language},
    journal = {Computational Linguistics},
    year = {1992},
    volume = {18},
    pages = {467--479}
}

@Article{Schneider+:2014,
  author = 	 {Nathan Schneider and Emily Danchik and Chris Dyer and Noah A. Smith},
  title = 	 {Discriminative Lexical Semantic Segmentation with Gaps: Running the MWE Gamut},
  journal = 	 {Transactions of the Association of Computational Linguistics},
  year = 	 2014,
  volume = 	 2,
  number = 	 1,
  pages = 	 {193--206}}

@MISC{Socher_recursivedeep,
    author = {Richard Socher and Alex Perelygin and Jean Y. Wu and Jason Chuang and Christopher D. Manning and Andrew Y. Ng and Christopher Potts},
    title = {Recursive Deep Models for Semantic Compositionality Over a Sentiment Treebank},
    year = {}
}

@INPROCEEDINGS{Turian10wordrepresentations,
    author = {Joseph Turian and Département D’informatique Et and Recherche Opérationnelle (diro and Université De Montréal and Lev Ratinov and Yoshua Bengio},
    title = {Word representations: A simple and general method for semisupervised learning},
    booktitle = {In ACL},
    year = {2010},
    pages = {384--394}
}


@article{Mikolov13,
  author    = {Tomas Mikolov and
               Kai Chen and
               Greg Corrado and
               Jeffrey Dean},
  title     = {Efficient Estimation of Word Representations in Vector Space},
  journal   = {CoRR},
  year      = {2013},
  volume    = {abs/1301.3781},
  url       = {http://arxiv.org/abs/1301.3781},
  timestamp = {Mon, 15 Sep 2014 12:23:18 +0200},
  biburl    = {http://dblp.uni-trier.de/rec/bib/journals/corr/abs-1301-3781},
  bibsource = {dblp computer science bibliography, http://dblp.org}
}

% [2] Tomas Mikolov, Ilya Sutskever, Kai Chen, Greg Corrado, and Jeffrey Dean. Distributed Representations of Words and Phrases and their Compositionality. In Proceedings of NIPS, 2013. 

% [3] Tomas Mikolov, Wen-tau Yih, and Geoffrey Zweig. Linguistic Regularities in Continuous Space Word Representations. In Proceedings of NAACL HLT, 2013. 
    
    
@inproceedings{pennington2014glove,
  author = {Jeffrey Pennington and Richard Socher and Christopher D. Manning},
  booktitle = {Proceedings of EMNLP},
  title = {GloVe: Global Vectors for Word Representation},
  year = {2014},
}

@inproceedings{mwecorpus,
	address = {Reykjav\'{i}k, Iceland},
	title = {Comprehensive Annotation of Multiword Expressions in a Social Web Corpus},
	booktitle = {Proceedings of the Ninth International Conference on Language Resources and Evaluation},
	publisher = {{ELRA}},
	author = {Schneider, Nathan and Onuffer, Spencer and Kazour, Nora and Danchik, Emily and Mordowanec, Michael T. and Conrad, Henrietta and Smith, Noah A.},
	editor = {Calzolari, Nicoletta and Choukri, Khalid and Declerck, Thierry and Loftsson, Hrafn and Maegaard, Bente and Mariani, Joseph and Moreno, Asuncion and Odijk, Jan and Piperidis, Stelios},
	month = may,
	year = {2014},
	pages = {455--461},
	url = {http://www.lrec-conf.org/proceedings/lrec2014/pdf/521_Paper.pdf}
}


@inproceedings{owoputi2013improved,
  title={Improved Part-of-Speech Tagging for Online Conversational Text with Word Clusters.},
  author={Owoputi, Olutobi and O'Connor, Brendan and Dyer, Chris and Gimpel, Kevin and Schneider, Nathan and Smith, Noah A},
  booktitle={HLT-NAACL},
  pages={380--390},
  year={2013}
}

@article{collobert2011natural,
  title={Natural language processing (almost) from scratch},
  author={Collobert, Ronan and Weston, Jason and Bottou, L{\'e}on and Karlen, Michael and Kavukcuoglu, Koray and Kuksa, Pavel},
  journal={The Journal of Machine Learning Research},
  volume={12},
  pages={2493--2537},
  year={2011},
  publisher={JMLR. org}
}

@inproceedings{turian2010word,
  title={Word representations: a simple and general method for semi-supervised learning},
  author={Turian, Joseph and Ratinov, Lev and Bengio, Yoshua},
  booktitle={Proceedings of the 48th Annual Meeting of the Association for Computational Linguistics},
  pages={384--394},
  year={2010},
  organization={Association for Computational Linguistics}
}

@article{bergstra2012random,
  title={Random search for hyper-parameter optimization},
  author={Bergstra, James and Bengio, Yoshua},
  journal={The Journal of Machine Learning Research},
  volume={13},
  number={1},
  pages={281--305},
  year={2012},
  publisher={JMLR. org}
}


@InProceedings{Bansal+:2014,
  author    = {Bansal, Mohit  and  Gimpel, Kevin  and  Livescu, Karen},
  title     = {Tailoring Continuous Word Representations for Dependency Parsing},
  booktitle = {Proceedings of the 52nd Annual Meeting of the Association for Computational Linguistics (Volume 2: Short Papers)},
  year      = {2014},
  address   = {Baltimore, USA},
  pages     = {809--815},
  url       = {http://www.aclweb.org/anthology/P14-2131}
}


@InProceedings{Andreas:Klein:2014,
  author    = {Andreas, Jacob  and  Klein, Dan},
  title     = {How much do word embeddings encode about syntax?},
  booktitle = {Proceedings of the 52nd Annual Meeting of the Association for Computational Linguistics (Volume 2: Short Papers)},
  year      = {2014},
  address   = {Baltimore, USA},
  pages     = {822--827},
  url       = {http://www.aclweb.org/anthology/P14-2133}
}
