

@article{LeM14,
  author    = {Quoc V. Le and
               Tomas Mikolov},
  title     = {Distributed Representations of Sentences and Documents},
  journal   = {CoRR},
  year      = {2014},
  volume    = {abs/1405.4053},
  url       = {http://arxiv.org/abs/1405.4053},
  timestamp = {Mon, 15 Sep 2014 12:07:51 +0200},
  biburl    = {http://dblp.uni-trier.de/rec/bib/journals/corr/LeM14},
  bibsource = {dblp computer science bibliography, http://dblp.org}
}

@ARTICLE{Brown92class-basedn-gram,
    author = {Peter F. Brown and Peter V. deSouza and Robert L. Mercer and Vincent J. Della Pietra and Jenifer C. Lai},
    title = {Class-Based n-gram Models of Natural Language},
    journal = {Computational Linguistics},
    year = {1992},
    volume = {18},
    pages = {467--479}
}

@MISC{Socher_recursivedeep,
    author = {Richard Socher and Alex Perelygin and Jean Y. Wu and Jason Chuang and Christopher D. Manning and Andrew Y. Ng and Christopher Potts},
    title = {Recursive Deep Models for Semantic Compositionality Over a Sentiment Treebank},
    year = {}
}

@INPROCEEDINGS{Turian10wordrepresentations,
    author = {Joseph Turian and Département D’informatique Et and Recherche Opérationnelle (diro and Université De Montréal and Lev Ratinov and Yoshua Bengio},
    title = {Word representations: A simple and general method for semisupervised learning},
    booktitle = {In ACL},
    year = {2010},
    pages = {384--394}
}


@article{Mikolov13,
  author    = {Tomas Mikolov and
               Kai Chen and
               Greg Corrado and
               Jeffrey Dean},
  title     = {Efficient Estimation of Word Representations in Vector Space},
  journal   = {CoRR},
  year      = {2013},
  volume    = {abs/1301.3781},
  url       = {http://arxiv.org/abs/1301.3781},
  timestamp = {Mon, 15 Sep 2014 12:23:18 +0200},
  biburl    = {http://dblp.uni-trier.de/rec/bib/journals/corr/abs-1301-3781},
  bibsource = {dblp computer science bibliography, http://dblp.org}
}

% [2] Tomas Mikolov, Ilya Sutskever, Kai Chen, Greg Corrado, and Jeffrey Dean. Distributed Representations of Words and Phrases and their Compositionality. In Proceedings of NIPS, 2013. 

% [3] Tomas Mikolov, Wen-tau Yih, and Geoffrey Zweig. Linguistic Regularities in Continuous Space Word Representations. In Proceedings of NAACL HLT, 2013. 
    
    
@inproceedings{pennington2014glove,
  author = {Jeffrey Pennington and Richard Socher and Christopher D. Manning},
  booktitle = {Proceedings of EMNLP},
  title = {GloVe: Global Vectors for Word Representation},
  year = {2014},
}