@String{++Proceedings = "Proceedings "}

@String{+CoNLL2000 = ++Proceedings # "of the 4th Conference on Computational Natural Language Learning (CoNLL-2000)"}

@String{+CoNLL2003 = ++Proceedings # "of the 7th Conference on Natural Language Learning (CoNLL-2003)"}

@String{+CL = "Computational Linguistics"}

@String{+ICML2001 = ++Proceedings # "of the 18th International Conference on Machine Learning"}



                  

@inproceedings{Toutanova:2003,
 author = {Toutanova, Kristina and Klein, Dan and Manning, Christopher D. and Singer, Yoram},
 title = {Feature-rich Part-of-speech Tagging with a Cyclic Dependency Network},
 booktitle = {Proceedings of the 2003 Conference of the North American Chapter of the Association for Computational Linguistics on Human Language Technology - Volume 1},
 year = {2003},
 location = {Edmonton, Canada},
 pages = {173--180},
 numpages = {8},
 url = {http://dx.doi.org/10.3115/1073445.1073478},
 doi = {10.3115/1073445.1073478},
 acmid = {1073478},
 address = {Stroudsburg, PA, USA},
} 


@inproceedings{Sha:2003,
 author = {Sha, Fei and Pereira, Fernando},
 title = {Shallow Parsing with Conditional Random Fields},
 booktitle = {Proceedings of the 2003 Conference of the North American Chapter of the Association for Computational Linguistics on Human Language Technology - Volume 1},
 year = {2003},
 address = {Edmonton, Canada},
 pages = {134--141},
 numpages = {8},
 url = {http://dx.doi.org/10.3115/1073445.1073473},
 doi = {10.3115/1073445.1073473},
 acmid = {1073473},
} 


@article{Ando:2005,
 author = {Ando, Rie Kubota and Zhang, Tong},
 title = {A Framework for Learning Predictive Structures from Multiple Tasks and Unlabeled Data},
 journal = {Journal of Machine Learning Research},
 issue_date = {12/1/2005},
 volume = {6},
 month = dec,
 year = {2005},
 issn = {1532-4435},
 pages = {1817--1853},
 numpages = {37},
 url = {http://dl.acm.org/citation.cfm?id=1046920.1194905},
 acmid = {1194905},
} 

@InProceedings{baroni:2014,
  author    = {Baroni, Marco  and  Dinu, Georgiana  and  Kruszewski, Germ\'{a}n},
  title     = {Don't count, predict! A systematic comparison of context-counting vs. context-predicting semantic vectors},
  booktitle = {Proceedings of the 52nd Annual Meeting of the Association for Computational Linguistics (Volume 1: Long Papers)},
  month     = {June},
  year      = {2014},
  address   = {Baltimore, USA},
  pages     = {238--247},
  url       = {http://www.aclweb.org/anthology/P/P14/P14-1023}
}


@inproceedings{Tratz:2011,
 author = {Tratz, Stephen and Hovy, Eduard},
 title = {A Fast, Accurate, Non-projective, Semantically-enriched Parser},
 booktitle = {Proceedings of the Conference on Empirical Methods in Natural Language Processing},
 series = {EMNLP '11},
 year = {2011},
 isbn = {978-1-937284-11-4},
 address = {Edinburgh, UK},
 pages = {1257--1268},
 numpages = {12},
 url = {http://dl.acm.org/citation.cfm?id=2145432.2145564},
 acmid = {2145564},
} 

@inproceedings{Spitkovsky:2011,
 author = {Spitkovsky, Valentin I. and Alshawi, Hiyan and Chang, Angel X. and Jurafsky, Daniel},
 title = {Unsupervised Dependency Parsing Without Gold Part-of-speech Tags},
 booktitle = {Proceedings of the Conference on Empirical Methods in Natural Language Processing},
 series = {EMNLP '11},
 year = {2011},
 isbn = {978-1-937284-11-4},
 address = {Edinburgh, UK},
 pages = {1281--1290},
 numpages = {10},
 url = {http://dl.acm.org/citation.cfm?id=2145432.2145566},
 acmid = {2145566},
} 


@INPROCEEDINGS{Grave:2013,
    author = {Edouard Grave, Guillaume Obozinski, and Francis
Bach},
    title = {Hidden markov tree models for semantic class induction},
    booktitle = {Proceedings of CoNLL},
    year = {2013}
}

@InProceedings{Koo:2008,
  author    = {Koo, Terry  and  Carreras, Xavier  and  Collins, Michael},
  title     = {Simple Semi-supervised Dependency Parsing},
  booktitle = {Proceedings of ACL-08: HLT},
  year      = {2008},
  address   = {Columbus, USA},
  pages     = {595--603},
  url       = {http://www.aclweb.org/anthology/P/P08/P08-1068}
}


@inproceedings{Koo:2010,
 author = {Koo, Terry and Rush, Alexander M. and Collins, Michael and Jaakkola, Tommi and Sontag, David},
 title = {Dual Decomposition for Parsing with Non-projective Head Automata},
 booktitle = {Proceedings of the 2010 Conference on Empirical Methods in Natural Language Processing},
 series = {EMNLP '10},
 year = {2010},
 address = {Cambridge, UK},
 pages = {1288--1298},
 numpages = {11},
 url = {http://dl.acm.org/citation.cfm?id=1870658.1870783},
 acmid = {1870783},
} 


@inproceedings{Haffari:2011,
  added-at = {2011-06-21T00:00:00.000+0200},
  author = {Haffari, Gholamreza and Razavi, Marzieh and Sarkar, Anoop},
  biburl = {http://www.bibsonomy.org/bibtex/242e7bbd9a1909298020a987119cef810/dblp},
  booktitle = {ACL 2011 (Short Papers)},
  ee = {http://www.aclweb.org/anthology/P11-2125},
  interhash = {d93a182b17d755525bcef9beabf59e2a},
  intrahash = {42e7bbd9a1909298020a987119cef810},
  isbn = {978-1-932432-88-6},
  keywords = {dblp},
  pages = {710-714},
  timestamp = {2011-06-21T00:00:00.000+0200},
  title = {An Ensemble Model that Combines Syntactic and Semantic Clustering for Discriminative Dependency Parsing},
  url = {http://dblp.uni-trier.de/db/conf/acl/acl2011s.html#HaffariRS11},
  year = 2011
}


@inproceedings{turian2010word,
  title={Word representations: a simple and general method for semi-supervised learning},
  author={Turian, Joseph and Ratinov, Lev and Bengio, Yoshua},
  booktitle={Proceedings of the 48th Annual Meeting of the Association for Computational Linguistics},
  pages={384--394},
  year={2010},
  organization={Association for Computational Linguistics}
}

@article{LeM14,
  author    = {Quoc V. Le and

               Tomas Mikolov},
  title     = {Distributed Representations of Sentences and Documents},
  journal   = {CoRR},
  year      = {2014},
  volume    = {abs/1405.4053},
  url       = {http://arxiv.org/abs/1405.4053},
  timestamp = {Mon, 15 Sep 2014 12:07:51 +0200},
  biburl    = {http://dblp.uni-trier.de/rec/bib/journals/corr/LeM14},
  bibsource = {dblp computer science bibliography, http://dblp.org}
}

@ARTICLE{Brown92class-basedn-gram,
    author = {Peter F. Brown and Peter V. deSouza and Robert L. Mercer and Vincent J. Della Pietra and Jenifer C. Lai},
    title = {Class-Based n-gram Models of Natural Language},
    journal = {Computational Linguistics},
    year = {1992},
    volume = {18},
    pages = {467--479}
}

@Article{Schneider+:2014,
  author = 	 {Nathan Schneider and Emily Danchik and Chris Dyer and Noah A. Smith},
  title = 	 {Discriminative Lexical Semantic Segmentation with Gaps: Running the MWE Gamut},
  journal = 	 {Transactions of the Association of Computational Linguistics},
  year = 	 2014,
  volume = 	 2,
  number = 	 1,
  pages = 	 {193--206}}

@MISC{Socher_recursivedeep,
    author = {Richard Socher and Alex Perelygin and Jean Y. Wu and Jason Chuang and Christopher D. Manning and Andrew Y. Ng and Christopher Potts},
    title = {Recursive Deep Models for Semantic Compositionality Over a Sentiment Treebank},
    year = {}
}

@inproceedings{raina2007self,
  title={Self-taught learning: transfer learning from unlabeled data},
  author={Raina, Rajat and Battle, Alexis and Lee, Honglak and Packer, Benjamin and Ng, Andrew Y},
  booktitle={Proceedings of the 24th international conference on Machine learning},
  pages={759--766},
  year={2007},
  organization={ACM}
}

%skip-gram
@article{Mikolov13,
  author    = {Tomas Mikolov and
               Kai Chen and
               Greg Corrado and
               Jeffrey Dean},
  title     = {Efficient Estimation of Word Representations in Vector Space},
  journal   = {CoRR},
  year      = {2013},
  volume    = {abs/1301.3781},
  url       = {http://arxiv.org/abs/1301.3781},
  timestamp = {Mon, 15 Sep 2014 12:23:18 +0200},
  biburl    = {http://dblp.uni-trier.de/rec/bib/journals/corr/abs-1301-3781},
  bibsource = {dblp computer science bibliography, http://dblp.org}
}


@incollection{Mikolov13NIPS,
title = {Distributed Representations of Words and Phrases and their Compositionality},
author = {Mikolov, Tomas and Sutskever, Ilya and Chen, Kai and Corrado, Greg S and Dean, Jeff},
booktitle = {Advances in Neural Information Processing Systems 26},
editor = {C.J.C. Burges and L. Bottou and M. Welling and Z. Ghahramani and K.Q. Weinberger},
pages = {3111--3119},
year = {2013},
publisher = {Curran Associates, Inc.},
url = {http://papers.nips.cc/paper/5021-distributed-representations-of-words-and-phrases-and-their-compositionality.pdf}
}

% [3] Tomas Mikolov, Wen-tau Yih, and Geoffrey Zweig. Linguistic Regularities in Continuous Space Word Representations. In Proceedings of NAACL HLT, 2013. 
    
    
@inproceedings{pennington2014glove,
  author = {Jeffrey Pennington and Richard Socher and Christopher D. Manning},
  booktitle = {Proceedings of EMNLP},
  title = {GloVe: Global Vectors for Word Representation},
  year = {2014},
}

@inproceedings{mwecorpus,
	address = {Reykjav\'{i}k, Iceland},
	title = {Comprehensive Annotation of Multiword Expressions in a Social Web Corpus},
	booktitle = {Proceedings of the Ninth International Conference on Language Resources and Evaluation},
	author = {Schneider, Nathan and Onuffer, Spencer and Kazour, Nora and Danchik, Emily and Mordowanec, Michael T. and Conrad, Henrietta and Smith, Noah A.},
	editor = {Calzolari, Nicoletta and Choukri, Khalid and Declerck, Thierry and Loftsson, Hrafn and Maegaard, Bente and Mariani, Joseph and Moreno, Asuncion and Odijk, Jan and Piperidis, Stelios},
	year = {2014},
	pages = {455--461},
	url = {http://www.lrec-conf.org/proceedings/lrec2014/pdf/521_Paper.pdf}
}


@inproceedings{owoputi2013improved,
  title={Improved Part-of-Speech Tagging for Online Conversational Text with Word Clusters.},
  author={Owoputi, Olutobi and O'Connor, Brendan and Dyer, Chris and Gimpel, Kevin and Schneider, Nathan and Smith, Noah A},
  booktitle={HLT-NAACL},
  pages={380--390},
  year={2013}
}



@inproceedings{Collobert2008,
 author = {Collobert, Ronan and Weston, Jason},
 title = {A Unified Architecture for Natural Language Processing: Deep Neural Networks with Multitask Learning},
 booktitle = {Proceedings of the 25th International Conference on Machine Learning},
 series = {ICML '08},
 year = {2008},
 isbn = {978-1-60558-205-4},
 address = {Helsinki, Finland},
 pages = {160--167},
 numpages = {8},
 url = {http://doi.acm.org/10.1145/1390156.1390177},
 doi = {10.1145/1390156.1390177},
 acmid = {1390177},
} 




@article{collobert2011natural,
  title={Natural language processing (almost) from scratch},
  author={Collobert, Ronan and Weston, Jason and Bottou, L{\'e}on and Karlen, Michael and Kavukcuoglu, Koray and Kuksa, Pavel},
  journal={Journal of Machine Learning Research},
  volume={12},
  pages={2493--2537},
  year={2011},
}



@article{bergstra2012random,
  title={Random search for hyper-parameter optimization},
  author={Bergstra, James and Bengio, Yoshua},
  journal={Journal of Machine Learning Research},
  volume={13},
  number={1},
  pages={281--305},
  year={2012},
}


@InProceedings{Bansal+:2014,
  author    = {Bansal, Mohit  and  Gimpel, Kevin  and  Livescu, Karen},
  title     = {Tailoring Continuous Word Representations for Dependency Parsing},
  booktitle = {Proceedings of the 52nd Annual Meeting of the Association for Computational Linguistics (Volume 2: Short Papers)},
  year      = {2014},
  address   = {Baltimore, USA},
  pages     = {809--815},
  url       = {http://www.aclweb.org/anthology/P14-2131}
}

@incollection{bengio2006neural,
  title={Neural probabilistic language models},
  author={Bengio, Yoshua and Schwenk, Holger and Sen{\'e}cal, Jean-S{\'e}bastien and Morin, Fr{\'e}deric and Gauvain, Jean-Luc},
  booktitle={Innovations in Machine Learning},
  pages={137--186},
  year={2006},
  publisher={Springer}
}


@InProceedings{Andreas:Klein:2014,
  author    = {Andreas, Jacob  and  Klein, Dan},
  title     = {How much do word embeddings encode about syntax?},
  booktitle = {Proceedings of the 52nd Annual Meeting of the Association for Computational Linguistics (Volume 2: Short Papers)},
  year      = {2014},
  address   = {Baltimore, USA},
  pages     = {822--827},
  url       = {http://www.aclweb.org/anthology/P14-2133}
}


@INPROCEEDINGS{Mnih2008,
    author = {Andriy Mnih and Geoffrey Hinton},
    title = {A scalable hierarchical distributed language model},
    booktitle = {In NIPS},
    year = {2008}
}

@article{duchi2011adaptive,
  title={Adaptive subgradient methods for online learning and stochastic optimization},
  author={Duchi, John and Hazan, Elad and Singer, Yoram},
  journal={Journal of Machine Learning Research},
  volume={12},
  pages={2121--2159},
  year={2011},
}

@article{firth1957,
  added-at = {2010-09-10T17:06:28.000+0200},
  author = {Firth, J.R.},
  biburl = {http://www.bibsonomy.org/bibtex/25b0a766713221356e0a5b4cc2023b86a/glanebridge},
  interhash = {49b3d847512a3bff2a1d77cd5ea5391f},
  intrahash = {5b0a766713221356e0a5b4cc2023b86a},
  journal = {Studies in Linguistic Analysis},
  keywords = {distributional-hypothesis linguistics},
  pages = {1--32},
  publisher = {Blackwell},
  timestamp = {2010-09-10T17:06:28.000+0200},
  title = {{A synopsis of linguistic theory 1930-1955}},
  year = 1957
}

@article{turney2010frequency,
  title={From frequency to meaning: Vector space models of semantics},
  author={Turney, Peter D and Pantel, Patrick and others},
  journal={Journal of Artificial Intelligence Research},
  volume={37},
  number={1},
  pages={141--188},
  year={2010}
}

@inproceedings{honkela1997self,
  title={Self-organizing maps of words for natural language processing applications},
  author={Honkela, Timo},
  booktitle={Proceedings of the International ICSC Symposium on Soft Computing},
  pages={401--407},
  year={1997},
}

@inproceedings{dumais1988using,
  title={Using latent semantic analysis to improve access to textual information},
  author={Dumais, Susan T and Furnas, George W and Landauer, Thomas K and Deerwester, Scott and Harshman, Richard},
  booktitle={Proceedings of the SIGCHI conference on Human factors in computing systems},
  pages={281--285},
  year={1988},
  organization={ACM}
}

@article{blei2003latent,
  title={Latent dirichlet allocation},
  author={Blei, David M and Ng, Andrew Y and Jordan, Michael I},
  journal={Journal of Machine Learning Research},
  volume={3},
  pages={993--1022},
  year={2003},
}


@inproceedings{li2005semi,
  title={Semi-supervised sequence modeling with syntactic topic models},
  author={Li, Wei and McCallum, Andrew},
  booktitle={Proceedings of the National Conference on Artificial Intelligence},
  year=2005,
  address = 	 {Pittsburgh, USA},
}

@article{lund1996producing,
  title={Producing high-dimensional semantic spaces from lexical co-occurrence},
  author={Lund, Kevin and Burgess, Curt},
  journal={Behavior Research Methods, Instruments, \& Computers},
  volume={28},
  number={2},
  pages={203--208},
  year={1996},
}

@inproceedings{lin2009phrase,
  title={Phrase clustering for discriminative learning},
  author={Lin, Dekang and Wu, Xiaoyun},
  booktitle={Proceedings of the Joint Conference of the 47th Annual Meeting of the ACL and the 4th International Joint Conference on Natural Language Processing of the AFNLP},
  pages={1030--1038},
  year={2009},
}

@inproceedings{pereira1993distributional,
  title={Distributional clustering of {English} words},
  author={Pereira, Fernando and Tishby, Naftali and Lee, Lillian},
  booktitle={Proceedings of the 31st Annual Meeting of the Association for Computational Linguistics},
  pages={183--190},
  year={1993},
}

@InProceedings{lafferty2001conditional,
  author = 	 {John Lafferty and Andrew McCallum and Fernando Pereira},
  title = 	 {Conditional random fields: Probabilistic models for
                  segmenting and labeling sequence data},
  booktitle = +ICML2001,
  pages = 	 {282--289},
  year = 	 2001,
  address = 	 {Williamstown, USA}}

@Article{Marcus:1993,
  author = {Mitchell P. Marcus and Beatrice Santorini and Mary Ann Marcinkiewicz},
  title = {Building a large annotated corpus of {English}: the {Penn} Treebank},
  journal = +CL,
  volume = 19,
  number = 2,
  pages =        {313--330},
  year = 1993
}


@InProceedings{TjongKimSang:Buchholz:2000,
  author =	 "Erik F. {Tjong Kim Sang} and Sabine Buchholz",
  title =	 "Introduction to the {CoNLL-2000} Shared Task:
                  Chunking",
  booktitle =	 +CoNLL2000,
  year =	 2000,
  address =	 "Lisbon, Portugal"
}

@phdthesis{sahlgren2006word,
  title={The Word-Space Model: Using distributional analysis to represent syntagmatic and paradigmatic relations between words in high-dimensional vector spaces},
  author={Sahlgren, Magnus},
  year=2006,
  school={Institutionen f{\"o}r lingvistik}
}

@inproceedings{vrehuuvrek2010software,
  title={Software framework for topic modelling with large corpora},
  author={{\v{R}}eh{\r{u}}{\v{r}}ek, Radim and Sojka, Petr},
  year=2010,
  booktitle = 	 ++Proceedings # {of the LREC 2010 Workshop on New Challenges for NLP Frameworks},
  address = 	 {Valetta, Malta},
  pages = 	 {51--55},
}

@inproceedings{TjongKimSang:DeMeulder:2003,
  author = {Tjong Kim Sang, Erik F.  and  De Meulder, Fien},
  title  = {Introduction to the CoNLL-2003 Shared Task: Language-Independent Named Entity Recognition},
  booktitle = +CoNLL2003,
  url    = {http://www.aclweb.org/anthology/W03-0419.pdf},
  year   = 2003,
  address = 	 {Edmonton, Canada},
  pages  = {142--147}}

@Article{vanderMaaten:Hinton:2008,
  author = 	 {Laurens J.P. {van der Maaten} and Geoffrey Hinton},
  title = 	 {Visualizing High-Dimensional Data Using t-SNE},
  journal = 	 {Journal of Machine Learning Research},
  year = 	 2008,
  volume = 	 9,
  pages = 	 {2579--2605}}

@inproceedings{guo2014revisiting,
  title={Revisiting embedding features for simple semi-supervised learning},
  author={Guo, Jiang and Che, Wanxiang and Wang, Haifeng and Liu, Ting},
  booktitle={Proceedings of the 2014 Conference on Empirical Methods in Natural Language Processing (EMNLP)},
  pages={110--120},
  year={2014}
}
